@article{li:95,
  title={X-ray reflectivity of diblock copolymer monolayers at the air/water interface},
  author={Li, Z and Zhao, W and Quinn, J and Rafailovich, MH and Sokolov, J and Lennox, RB and Eisenberg, A and Wu, XZ and Kim, MW and Sinha, SK and others},
  journal={Langmuir},
  volume={11},
  number={12},
  pages={4785--4792},
  year={1995},
  publisher={ACS Publications}
}

@article{phillip:10,
author = {Phillip, William A. and Hillmyer, Marc A. and Cussler, E. L.},
title = {Cylinder Orientation Mechanism in Block Copolymer Thin Films Upon Solvent Evaporation},
journal = {Macromolecules},
volume = {43},
number = {18},
pages = {7763-7770},
year = {2010},
doi = {10.1021/ma1012946},
}